@article{TDR:ID,
author = {ATLAS},
title = {Inner Detector Technical Design Report},
journal = {https://cdsweb.cern.ch/record/331063/files/cer-0254563.pdf},
year = {1997},
},

@book{Detectors, 
author = {Claus Grupen and Boris Shwartz},
title = {Particle Detectors},
journal = {Cambridge University Press},
year = {2008},
},

@article{Inner,
author = {ATLAS},
title = {The ATLAS Inner Detector Commissioning and Calibration},
journal = {http://arxiv.org/pdf/1004.5293v2.pdf},
year = {2010},
},

@article{PhotonCross,
author = {J. H. Hubbell, H. A. Gimm, I.},
volume = {9},
pages = {1023}, 
journal = {J. Phys. Chem. Ref. Data},
year = {1980},
},

@book{Wigman,
author = {Richard Wigmans},
title = {Calorimetry: Energy Measurement in Particle Physics},
journal = {Oxford Science Publications},
year = {2000},
},

@article{LAr, 
Author = {ATLAS Liquid Argon Calorimeter Group}, 
title = {Performance of the ATLAS liquid argon calorimeter},
journal = {http://dx.doi.org/10.3204/DESY-PROC-2010-01/meng},
year = {2010},
},

@article{LAr2, 
Author = {ATLAS Liquid Argon Calorimeter Group},
title = {The ATLAS Liquid Argon Calorimeter},
journal = {http://www.physics.utoronto.ca/~krieger/procs/Krieger_NSS05_Proc.pdf},
year = {2005},
},

@article{Calo, 
Author = {ATLAS Collaboration},
title = {Calorimeter Performance, Technical Design Report},
journal = {CERN/LHCC 96-40},
year = {1997},
},


@article{Muon,
Author = {ATLAS Collaboration},
title = {ATLAS Muon Spectrometer, Technical Design Report},
journal = {CERN/LHCC 97-22},
year = {1997},
},

@book{Feynman,
author = {Richard P. Feynman},
title = {QED: The Strange Theory of Light and Matter},
journal = {Princeton University Press},
year = {1985},
},

@article{PDG,
      author         = "Olive, K. A. and others",
      title          = "{Review of Particle Physics}",
      collaboration  = "Particle Data Group",
      journal        = "Chin. Phys.",
      volume         = "C38",
      year           = "2014",
      pages          = "090001",
      doi            = "10.1088/1674-1137/38/9/090001",
      SLACcitation   = "%%CITATION = CHPHD,C38,090001;%%"
}
